@misc{yahoo_finance,
  url    = {https://finance.yahoo.com/},
  title  = {Yahoo Finance},
  note   = {last accessed: April 25 2023}
}

@misc{yfinance,
  author       = {ranaroussi},
  title        = {yfinance},
  url          = {https://pypi.org/project/yfinance/},
  note         = {last accessed: April 25 2023},
}

@misc{kolmogi,
  author       = {scipy},
  title        = {scipy.special.kolmogi},
  url          = {https://docs.scipy.org/doc/scipy/reference/generated/scipy.special.kolmogi.html},
  note         = {last accessed: April 25 2023},
}