@misc{goolge,
  author = {Yahoo Finance},
  url    = {https://finance.yahoo.com/quote/GOOGL?p=GOOGL&.tsrc=fin-srch},
  title  = {Alphabet Inc. (GOOGL)},
  year   = {2022},
  note   = {last accessed: April 25 2023}
}

@misc{yfinance,
  author       = {ranaroussi},
  title        = {yfinance},
  url          = {https://pypi.org/project/yfinance/},
  note         = {last accessed: April 25 2023},
}